@misc{ OpenAI_dota,
    author = {OpenAI},
    title = {OpenAI Five},
    howpublished = {\url{https://blog.openai.com/openai-five/}},
    year = {2018}}
    
@book{Sutton1998,
  added-at = {2019-07-13T10:11:53.000+0200},
  author = {Sutton, Richard S. and Barto, Andrew G.},
  biburl = {https://www.bibsonomy.org/bibtex/2f46601cf8b13d39d1378af0d79438b12/lanteunis},
  edition = {Second},
  interhash = {ac6b144aaec1819919a2fba9f705c852},
  intrahash = {f46601cf8b13d39d1378af0d79438b12},
  keywords = {},
  publisher = {The MIT Press},
  timestamp = {2019-07-13T10:11:53.000+0200},
  title = {Reinforcement Learning: An Introduction},
  url = {http://incompleteideas.net/book/RLbook2020.pdf},
  year = {2018 }
}

 @misc{karanam_2021, title={Curse of dimensionality - A "curse" to Machine Learning}, url={https://towardsdatascience.com/curse-of-dimensionality-a-curse-to-machine-learning-c122ee33bfeb#:~:text=Curse%20of%20Dimensionality%20describes%20the,first%20introduced%20by%20Richard%20E.}, journal={Medium}, publisher={Towards Data Science}, author={Karanam, Shashmi}, year={2021}, month={Aug}} 
 
 
  @misc{deepmind, title={AlphaGo: The story so far}, url={https://deepmind.com/research/case-studies/alphago-the-story-so-far}, journal={Deepmind}} 
  
   @misc{mwiti_2021, title={10 real-life applications of reinforcement learning}, url={https://neptune.ai/blog/reinforcement-learning-applications}, journal={neptune.ai}, author={Mwiti, Derrick}, year={2021}, month={Nov}} 
 
@article{10.1613/jair.1.12360,
author = {Whittlestone, Jess and Arulkumaran, Kai and Crosby, Matthew},
title = {The Societal Implications of Deep Reinforcement Learning},
year = {2021},
issue_date = {May 2021},
publisher = {AI Access Foundation},
address = {El Segundo, CA, USA},
volume = {70},
issn = {1076-9757},
url = {https://doi.org/10.1613/jair.1.12360},
doi = {10.1613/jair.1.12360},
journal = {J. Artif. Int. Res.},
month = {may},
pages = {1003–1030},
numpages = {28}
}


@inproceedings{SchiffBBL20,
  title = {What's Next for AI Ethics, Policy, and Governance? A Global Overview},
  author = {Daniel Schiff and Justin Biddle and Jason Borenstein and Kelly Laas},
  year = {2020},
  doi = {10.1145/3375627.3375804},
  url = {https://doi.org/10.1145/3375627.3375804},
  researchr = {https://researchr.org/publication/SchiffBBL20},
  cites = {0},
  citedby = {0},
  pages = {153-158},
  booktitle = {AIES '20: AAAI/ACM Conference on AI, Ethics, and Society, New York, NY, USA, February 7-8, 2020},
  editor = {Annette N. Markham and Julia Powles and Toby Walsh and Anne L. Washington},
  publisher = {ACM},
  isbn = {978-1-4503-7110-0},
}

@article{DBLP:journals/corr/abs-2104-05565,
  author    = {V{\'{\i}}ctor Uc{-}Cetina and
               Nicol{\'{a}}s Navarro{-}Guerrero and
               Anabel Mart{\'{\i}}n{-}Gonz{\'{a}}lez and
               Cornelius Weber and
               Stefan Wermter},
  title     = {Survey on reinforcement learning for language processing},
  journal   = {CoRR},
  volume    = {abs/2104.05565},
  year      = {2021},
  url       = {https://arxiv.org/abs/2104.05565},
  eprinttype = {arXiv},
  eprint    = {2104.05565},
  timestamp = {Sat, 09 Apr 2022 12:27:10 +0200},
  biburl    = {https://dblp.org/rec/journals/corr/abs-2104-05565.bib},
  bibsource = {dblp computer science bibliography, https://dblp.org}
}

@book{Sutton1998,
  added-at = {2019-07-13T10:11:53.000+0200},
  author = {Sutton, Richard S. and Barto, Andrew G.},
  biburl = {https://www.bibsonomy.org/bibtex/2f46601cf8b13d39d1378af0d79438b12/lanteunis},
  edition = {Second},
  interhash = {ac6b144aaec1819919a2fba9f705c852},
  intrahash = {f46601cf8b13d39d1378af0d79438b12},
  keywords = {},
  publisher = {The MIT Press},
  timestamp = {2019-07-13T10:11:53.000+0200},
  title = {Reinforcement Learning: An Introduction},
  url = {http://incompleteideas.net/book/RLbook2020.pdf},
  year = {2018 }
}

@article{DBLP:journals/corr/abs-1805-12298,
  author    = {Omer Gottesman and
               Fredrik D. Johansson and
               Joshua Meier and
               Jack Dent and
               Donghun Lee and
               Srivatsan Srinivasan and
               Linying Zhang and
               Yi Ding and
               David Wihl and
               Xuefeng Peng and
               Jiayu Yao and
               Isaac Lage and
               Christopher Mosch and
               Li{-}Wei H. Lehman and
               Matthieu Komorowski and
               Aldo Faisal and
               Leo Anthony Celi and
               David A. Sontag and
               Finale Doshi{-}Velez},
  title     = {Evaluating Reinforcement Learning Algorithms in Observational Health
               Settings},
  journal   = {CoRR},
  volume    = {abs/1805.12298},
  year      = {2018},
  url       = {http://arxiv.org/abs/1805.12298},
  eprinttype = {arXiv},
  eprint    = {1805.12298},
  timestamp = {Fri, 15 Nov 2019 17:16:01 +0100},
  biburl    = {https://dblp.org/rec/journals/corr/abs-1805-12298.bib},
  bibsource = {dblp computer science bibliography, https://dblp.org}
}

@article{Bender2021OnTD,
  title={On the Dangers of Stochastic Parrots: Can Language Models Be Too Big? ��},
  author={Emily M. Bender and Timnit Gebru and Angelina McMillan-Major and Shmargaret Shmitchell},
  journal={Proceedings of the 2021 ACM Conference on Fairness, Accountability, and Transparency},
  year={2021}
}

 @misc{frye_2021, url={https://faculty.ai/blog/the-dangers-of-reinforcement-learning-in-the-real-world/}, journal={The dangers of reinforcement learning in the real world}, publisher={Faculty}, author={Frye, Chris}, year={2021}, month={Jul}} 
 
 @misc{https://doi.org/10.48550/arxiv.1812.02648,
  doi = {10.48550/ARXIV.1812.02648},
  
  url = {https://arxiv.org/abs/1812.02648},
  
  author = {van Hasselt, Hado and Doron, Yotam and Strub, Florian and Hessel, Matteo and Sonnerat, Nicolas and Modayil, Joseph},
  
  keywords = {Artificial Intelligence (cs.AI), Machine Learning (cs.LG), FOS: Computer and information sciences, FOS: Computer and information sciences},
  
  title = {Deep Reinforcement Learning and the Deadly Triad},
  
  publisher = {arXiv},
  
  year = {2018},
  
  copyright = {arXiv.org perpetual, non-exclusive license}
}


@article{mnih2015humanlevel,
  added-at = {2015-08-26T14:46:40.000+0200},
  author = {Mnih, Volodymyr and Kavukcuoglu, Koray and Silver, David and Rusu, Andrei A. and Veness, Joel and Bellemare, Marc G. and Graves, Alex and Riedmiller, Martin and Fidjeland, Andreas K. and Ostrovski, Georg and Petersen, Stig and Beattie, Charles and Sadik, Amir and Antonoglou, Ioannis and King, Helen and Kumaran, Dharshan and Wierstra, Daan and Legg, Shane and Hassabis, Demis},
  biburl = {https://www.bibsonomy.org/bibtex/2fb15f4471c81dc2b9edf2304cb2f7083/hotho},
  description = {Human-level control through deep reinforcement learning - nature14236.pdf},
  interhash = {eac59980357d99db87b341b61ef6645f},
  intrahash = {fb15f4471c81dc2b9edf2304cb2f7083},
  issn = {00280836},
  journal = {Nature},
  keywords = {deep learning toread},
  month = feb,
  number = 7540,
  pages = {529--533},
  publisher = {Nature Publishing Group, a division of Macmillan Publishers Limited. All Rights Reserved.},
  timestamp = {2015-08-26T14:46:40.000+0200},
  title = {Human-level control through deep reinforcement learning},
  url = {http://dx.doi.org/10.1038/nature14236},
  volume = 518,
  year = 2015
}

@article{DBLP:journals/corr/SchulmanWDRK17,
  author    = {John Schulman and
               Filip Wolski and
               Prafulla Dhariwal and
               Alec Radford and
               Oleg Klimov},
  title     = {Proximal Policy Optimization Algorithms},
  journal   = {CoRR},
  volume    = {abs/1707.06347},
  year      = {2017},
  url       = {http://arxiv.org/abs/1707.06347},
  eprinttype = {arXiv},
  eprint    = {1707.06347},
  timestamp = {Mon, 13 Aug 2018 16:47:34 +0200},
  biburl    = {https://dblp.org/rec/journals/corr/SchulmanWDRK17.bib},
  bibsource = {dblp computer science bibliography, https://dblp.org}
}

@inproceedings{inproceedings,
author = {Verhoeven, Yannick and Preuss, Mike},
year = {2020},
month = {12},
pages = {2335-2342},
title = {On the Potential of Rocket League for Driving Team AI Development},
doi = {10.1109/SSCI47803.2020.9308248}
}

@article{DBLP:journals/corr/abs-1908-06884,
  author    = {Hyo{-}Sang Shin and
               Shaoming He and
               Antonios Tsourdos},
  title     = {Computational Flight Control: {A} Domain-Knowledge-Aided Deep Reinforcement
               Learning Approach},
  journal   = {CoRR},
  volume    = {abs/1908.06884},
  year      = {2019},
  url       = {http://arxiv.org/abs/1908.06884},
  eprinttype = {arXiv},
  eprint    = {1908.06884},
  timestamp = {Mon, 26 Aug 2019 13:20:40 +0200},
  biburl    = {https://dblp.org/rec/journals/corr/abs-1908-06884.bib},
  bibsource = {dblp computer science bibliography, https://dblp.org}
}


@misc{github,
  author={Rolv-Arild},
  title={Necto},
  year={2022},
  url={https://github.com/Rolv-Arild/Necto},
}

@misc{gupta_2021, title={Energy and policy considerations in Deep Learning for NLP}, url={https://montrealethics.ai/energy-and-policy-considerations-in-deep-learning-for-nlp/}, journal={Montreal AI Ethics Institute}, author={Gupta, Abhishek}, year={2021}, month={May}} 

 @misc{weng_2020, title={Exploration strategies in deep reinforcement learning}, url={https://lilianweng.github.io/posts/2020-06-07-exploration-drl/#:~:text=Normalization%20is%20important%20since%20the,deviations%20of%20the%20intrinsic%20return.}, journal={Lil'Log (Alt + H)}, author={Weng, Lilian}, year={2020}, month={Jun}} 

  @misc{brummerloh_2021, title={Ultimate Guide for AI game creation part 2 - training}, url={https://towardsdatascience.com/ultimate-guide-for-ai-game-creation-part-2-training-e252108dfbd1}, journal={Medium}, publisher={Towards Data Science}, author={Brummerloh, Daniel}, year={2021}, month={Jan}} 

@inproceedings{
neal2019in,
title={In Support of Over-Parametrization in Deep Reinforcement Learning: an Empirical Study},
author={Brady Neal and Ioannis Mitliagkas},
booktitle={ICML 2019 Workshop on Identifying and Understanding Deep Learning Phenomena},
year={2019},
url={https://openreview.net/forum?id=SkeMPEH32N}
}

@article{https://doi.org/10.48550/arxiv.2003.04960,
  doi = {10.48550/ARXIV.2003.04960},
  
  url = {https://arxiv.org/abs/2003.04960},
  
  author = {Narvekar, Sanmit and Peng, Bei and Leonetti, Matteo and Sinapov, Jivko and Taylor, Matthew E. and Stone, Peter},
  
  keywords = {Machine Learning (cs.LG), Artificial Intelligence (cs.AI), Machine Learning (stat.ML), FOS: Computer and information sciences, FOS: Computer and information sciences},
  
  title = {Curriculum Learning for Reinforcement Learning Domains: A Framework and Survey},
  
  publisher = {arXiv},
  
  year = {2020},
  
  copyright = {Creative Commons Attribution 4.0 International}
}
